<?xml version="1.0" encoding="UTF-8"?><record xmlns="http://www.loc.gov/MARC21/slim" xmlns:cinclude="http://apache.org/cocoon/include/1.0" xmlns:zs="http://www.loc.gov/zing/srw/">
  <leader>00674cz  a2200193n  4500</leader>
  <controlfield tag="001">nr 96043195 </controlfield>
  <controlfield tag="003">DLC</controlfield>
  <controlfield tag="005">20100527080121.0</controlfield>
  <controlfield tag="008">961203n| acannaabn          |n ana     c</controlfield>
  <datafield tag="010" ind1=" " ind2=" ">
    <subfield code="a">nr 96043195 </subfield>
  </datafield>
  <datafield tag="034" ind1=" " ind2=" ">
    <subfield code="d">W0012000</subfield>
    <subfield code="e">W0012000</subfield>
    <subfield code="f">N0514300</subfield>
    <subfield code="g">N0514300</subfield>
    <subfield code="2">geonames</subfield>
  </datafield>
  <datafield tag="035" ind1=" " ind2=" ">
    <subfield code="a">(OCoLC)oca04222958</subfield>
  </datafield>
  <datafield tag="040" ind1=" " ind2=" ">
    <subfield code="a">NjP</subfield>
    <subfield code="b">eng</subfield>
    <subfield code="c">NjP</subfield>
    <subfield code="d">NjP</subfield>
    <subfield code="d">OCoLC</subfield>
  </datafield>
  <datafield tag="043" ind1=" " ind2=" ">
    <subfield code="a">e-uk-en</subfield>
  </datafield>
  <datafield tag="151" ind1=" " ind2=" ">
    <subfield code="a">Cumnor (England)</subfield>
  </datafield>
  <datafield tag="670" ind1=" " ind2=" ">
    <subfield code="a">A medieval grange of Abingdon Abbey ... 1994:</subfield>
    <subfield code="b">t.p. (Cumnor, Oxon)</subfield>
  </datafield>
  <datafield tag="670" ind1=" " ind2=" ">
    <subfield code="a">Bartholomew gaz. of places in Brit.</subfield>
    <subfield code="b">(Cumnor, Oxon; vil, 4m W of Oxford)</subfield>
  </datafield>
  <datafield tag="670" ind1=" " ind2=" ">
    <subfield code="a">GeoNames, algorithmically matched, 2009</subfield>
    <subfield code="b">(ppl; 51°43ʹ00ʺN 001°20ʹ00ʺW)</subfield>
  </datafield>
  <datafield tag="781" ind1=" " ind2="0">
    <subfield code="z">England</subfield>
    <subfield code="z">Cumnor</subfield>
  </datafield>
</record>